<?xml version="1.0" encoding="UTF-8"?><collection xmlns="http://www.loc.gov/MARC21/slim"><record><leader>00377nam--2200145-i-4500</leader><controlfield tag="001">000009080</controlfield><controlfield tag="002">20161230</controlfield><controlfield tag="005">20161230201028</controlfield><controlfield tag="008">060222s1000------------r-----000-0-eng-d</controlfield><datafield ind1=" " ind2=" " tag="080"><subfield code="a">771.531</subfield></datafield><datafield ind1=" " ind2=" " tag="100"><subfield code="a">Carrol, B.H.And Hubbard, D</subfield></datafield><datafield ind1=" " ind2=" " tag="245"><subfield code="a">The photographic emulsion</subfield></datafield><datafield ind1=" " ind2=" " tag="260"><subfield code="a">London, The Focal Press, /F.A./ 273 P</subfield></datafield><datafield ind1=" " ind2=" " tag="490"><subfield code="a">The Focal Library Classics</subfield></datafield><datafield ind1=" " ind2=" " tag="852"><subfield code="a">31818</subfield></datafield></record></collection>